<record><leader>00000cas a22000007a 4500</leader><controlfield tag="001">15727360</controlfield><controlfield tag="008">870522d18971899txuwr ne      0    0eng d</controlfield><datafield ind1=" " ind2=" " tag="010"><subfield code="a">sn 87090476 </subfield></datafield><datafield ind1=" " ind2=" " tag="040"><subfield code="a">PPM</subfield><subfield code="b">eng</subfield><subfield code="c">PPM</subfield><subfield code="d">NVJ</subfield><subfield code="d">OCLCQ</subfield></datafield><datafield ind1=" " ind2=" " tag="042"><subfield code="a">msc</subfield></datafield><datafield ind1="0" ind2=" " tag="130"><subfield code="a">Beeville picayune (Beeville, Tex. : 1897)</subfield></datafield><datafield ind1="1" ind2="4" tag="245"><subfield code="a">The Beeville picayune.</subfield></datafield><datafield ind1=" " ind2=" " tag="260"><subfield code="a">Beeville, Tex. :</subfield><subfield code="b">H.F. Marr</subfield></datafield><datafield ind1=" " ind2=" " tag="310"><subfield code="a">Weekly</subfield></datafield><datafield ind1="1" ind2=" " tag="362"><subfield code="a">Began in Dec. 1897?</subfield></datafield><datafield ind1="0" ind2=" " tag="362"><subfield code="a">-v. 10, no. 6 (Nov. 10, 1899).</subfield></datafield><datafield ind1=" " ind2=" " tag="588"><subfield code="a">Description based on: Vol. 8, no. 11 (Dec. 10, 1897).</subfield></datafield><datafield ind1=" " ind2=" " tag="752"><subfield code="a">United States</subfield><subfield code="b">Texas</subfield><subfield code="c">Bee</subfield><subfield code="d">Beeville.</subfield></datafield><datafield ind1="0" ind2="0" tag="780"><subfield code="t">Beeville weekly picayune (Beeville, Tex. : 1889)</subfield><subfield code="w">(DLC)sn 87090475</subfield></datafield><datafield ind1="0" ind2="0" tag="785"><subfield code="t">Beeville weekly picayune (Beeville, Tex. : 1899)</subfield><subfield code="w">(DLC)sn 86088150</subfield></datafield><datafield ind1="1" ind2=" " tag="029"><subfield code="a">AU@</subfield><subfield code="b">000025826483</subfield></datafield></record>